<?xml version="1.0" encoding="UTF-8"?>
<record xmlns="http://www.loc.gov/MARC21/slim" xmlns:xsi="http://www.w3.org/2001/XMLSchema-instance" xsi:schemaLocation="http://www.loc.gov/MARC21/slim http://www.loc.gov/standards/marcxml/schema/MARC21slim.xsd">
<leader>00000cam a22      i 4500</leader>
<controlfield tag="001">001677370</controlfield>
<controlfield tag="003">NNU</controlfield>
<controlfield tag="005">20150318170827.0</controlfield>
<controlfield tag="008">900712s1969    iq c     b    000 0 arar</controlfield>
<datafield tag="010" ind1=" " ind2=" ">
<subfield code="a">   70962254</subfield>
</datafield>
<datafield tag="035" ind1=" " ind2=" ">
<subfield code="a">(OCoLC)21994863</subfield>
</datafield>
<datafield tag="040" ind1=" " ind2=" ">
<subfield code="a">DLC</subfield>
<subfield code="b">eng</subfield>
<subfield code="c">WAU</subfield>
<subfield code="d">DLC</subfield>
<subfield code="d">OCLCA</subfield>
<subfield code="d">OCLCF</subfield>
<subfield code="d">OCLCQ</subfield>
<subfield code="e">rda</subfield>
<subfield code="d">NNU</subfield>
</datafield>
<datafield tag="050" ind1="0" ind2="0">
<subfield code="a">BP193.13</subfield>
<subfield code="b">.S5 1969</subfield>
</datafield>
<datafield tag="100" ind1="1" ind2=" ">
<subfield code="6">880-01</subfield>
<subfield code="a">Shahrastānī, Hibat al-Dīn al-Ḥusaynī,</subfield>
<subfield code="e">author.</subfield>
</datafield>
<datafield tag="245" ind1="1" ind2="0">
<subfield code="6">880-02</subfield>
<subfield code="a">Nahḍat al-Ḥusayn,</subfield>
<subfield code="c">bi-qalam al-Sayyid Hibat al-Dīn al-Ḥusaynī al-Shahrastani.</subfield>
</datafield>
<datafield tag="250" ind1=" " ind2=" ">
<subfield code="6">880-03</subfield>
<subfield code="a">[al-Ṭabʻah 5., ḥawt kaffat al-fuṣūl al-muḍāfah wa-al-muqaddimāt, maʻa tarjamat al-muʼallif].</subfield>
</datafield>
<datafield tag="260" ind1=" " ind2=" ">
<subfield code="6">880-04</subfield>
<subfield code="a">Karbalāʼ,</subfield>
<subfield code="b">Rābiṭat al-Nashr al-Islāmī,</subfield>
<subfield code="c">1969.</subfield>
</datafield>
<datafield tag="300" ind1=" " ind2=" ">
<subfield code="a">176 pages</subfield>
<subfield code="b">portrait</subfield>
<subfield code="c">24 cm</subfield>
</datafield>
<datafield tag="336" ind1=" " ind2=" ">
<subfield code="a">text</subfield>
<subfield code="b">txt</subfield>
<subfield code="2">rdacontent</subfield>
</datafield>
<datafield tag="337" ind1=" " ind2=" ">
<subfield code="a">unmediated</subfield>
<subfield code="b">n</subfield>
<subfield code="2">rdamedia</subfield>
</datafield>
<datafield tag="338" ind1=" " ind2=" ">
<subfield code="a">volume</subfield>
<subfield code="b">nc</subfield>
<subfield code="2">rdacarrier</subfield>
</datafield>
<datafield tag="500" ind1=" " ind2=" ">
<subfield code="a">Cover title: Nahdat al Hossian, by Siad Hibatadilv [sic] al-Shiaristani.</subfield>
</datafield>
<datafield tag="504" ind1=" " ind2=" ">
<subfield code="a">Includes bibliographical references.</subfield>
</datafield>
<datafield tag="600" ind1="0" ind2="0">
<subfield code="6">880-05</subfield>
<subfield code="a">Ḥusayn ibn ʻAlī,</subfield>
<subfield code="d">-680.</subfield>
</datafield>
<datafield tag="600" ind1="0" ind2="7">
<subfield code="a">Ḥusayn ibn ʻAlī,</subfield>
<subfield code="d">-680</subfield>
<subfield code="2">fast</subfield>
<subfield code="0">(OCoLC)fst01825184</subfield>
</datafield>
<datafield tag="776" ind1="0" ind2="8">
<subfield code="i">Online version:</subfield>
<subfield code="a">Shahrastānī, Hibat al-Dīn al-Ḥusaynī.</subfield>
<subfield code="t">Nahḍat al-Ḥusayn.</subfield>
<subfield code="b">[al-Ṭabʻah 5., ḥawt kaffat al-fuṣūl al-muḍāfah wa-al-muqaddimāt, maʻa tarjamat al-muʼallif].</subfield>
<subfield code="d">Karbalāʼ, Rābiṭat al-Nashr al-Islāmī, 1969</subfield>
<subfield code="w">(OCoLC)551410387</subfield>
</datafield>
<datafield tag="880" ind1="1" ind2=" ">
<subfield code="6">100-01/</subfield>
<subfield code="a">شهرستاني، هبة الدين الحسيني،</subfield>
<subfield code="e">author.</subfield>
</datafield>
<datafield tag="880" ind1="1" ind2="0">
<subfield code="6">245-02/</subfield>
<subfield code="a">نهضة الحسين،</subfield>
<subfield code="c">بقلم السيد هبة الدين الحسيني الشهرستاني.</subfield>
</datafield>
<datafield tag="880" ind1=" " ind2=" ">
<subfield code="6">250-03/</subfield>
<subfield code="a">[الطبعة 5.، حوت كافة الفصول المضافة والمقدمات، مع ترجمة المؤلف].</subfield>
</datafield>
<datafield tag="880" ind1=" " ind2=" ">
<subfield code="6">260-04/</subfield>
<subfield code="a">كربلاء،</subfield>
<subfield code="b">رابطة النشر الإسلامي،</subfield>
<subfield code="c">1969.</subfield>
</datafield>
<datafield tag="880" ind1="0" ind2="4">
<subfield code="6">600-05/</subfield>
<subfield code="a">حسين بن علي،</subfield>
<subfield code="d">-680.</subfield>
</datafield>
<datafield tag="OWN" ind1=" " ind2=" ">
<subfield code="a">GENERAL</subfield>
</datafield>
<datafield tag="AVA" ind1=" " ind2=" ">
<subfield code="a">NYU50</subfield>
<subfield code="b">BOBST</subfield>
<subfield code="c">Main Collection</subfield>
<subfield code="d">BP80.H8 .S5 1969</subfield>
<subfield code="e">unavailable</subfield>
<subfield code="t">Unavailable</subfield>
<subfield code="f">1</subfield>
<subfield code="g">1</subfield>
<subfield code="h">N</subfield>
<subfield code="i">0</subfield>
<subfield code="j">MAIN</subfield>
<subfield code="k">0</subfield>
</datafield>
</record>
